@inproceedings{lee1994automatic,
  title={Automatic recognition of a car license plate using color image processing},
  author={Lee, Eun Ryung and Kim, Pyeoung Kee and Kim, Hang Joon},
  booktitle={Image Processing, 1994. Proceedings. ICIP-94., IEEE International Conference},
  volume={2},
  pages={301--305},
  year={1994},
  organization={IEEE}
}
@inproceedings{duan2004combining,
  title={Combining Hough transform and contour algorithm for detecting vehicles' license-plates},
  author={Duan, Tran Duc and Duc, Duong Anh and Du, Tran Le Hong},
  booktitle={Intelligent Multimedia, Video and Speech Processing, 2004. Proceedings of 2004 International Symposium on},
  pages={747--750},
  year={2004},
  organization={IEEE}
}
@inproceedings{duan2005building,
  title={Building an automatic vehicle license plate recognition system},
  author={Duan, Tran Duc and Du, TL Hong and Phuoc, Tran Vinh and Hoang, Nguyen Viet},
  booktitle={Proc. Int. Conf. Comput. Sci. RIVF},
  pages={59--63},
  year={2005},
  organization={Citeseer}
}
@inproceedings{sanyuan2004car,
  title={Car plate character extraction under complicated environment},
  author={Sanyuan, Zhang and Mingli, Zhang and Xiuzi, Ye},
  booktitle={Systems, Man and Cybernetics, 2004 IEEE International Conference on},
  volume={5},
  pages={4722--4726},
  year={2004},
  organization={IEEE}
}
@inproceedings{sarfraz2003saudi,
  title={Saudi Arabian license plate recognition system},
  author={Sarfraz, Muhammad and Ahmed, Mohammed Jameel and Ghazi, Syed A},
  booktitle={Geometric Modeling and Graphics, 2003. Proceedings. 2003 International Conference on},
  pages={36--41},
  year={2003},
  organization={IEEE}
}
@article{zheng2005efficient,
  title={An efficient method of license plate location},
  author={Zheng, Danian and Zhao, Yannan and Wang, Jiaxin},
  journal={Pattern Recognition Letters},
  volume={26},
  number={15},
  pages={2431--2438},
  year={2005},
  publisher={Elsevier}
}
@inproceedings{kanayama1991development,
  title={Development of vehicle-license number recognition system using real-time image processing and its application to travel-time measurement},
  author={Kanayama, Kenji and Fujikawa, Yoshimasa and Fujimoto, Koichi and Horino, Masanobu},
  booktitle={Vehicular Technology Conference, 1991. Gateway to the Future Technology in Motion., 41st IEEE},
  pages={798--804},
  year={1991},
  organization={IEEE}
}
@inproceedings{kamat1995efficient,
  title={An efficient implementation of the Hough transform for detecting vehicle license plates using DSP'S},
  author={Kamat, Varsha and Ganesan, Subramaniam},
  booktitle={Real-Time Technology and Applications Symposium, 1995. Proceedings},
  pages={58--59},
  year={1995},
  organization={IEEE}
}
@inproceedings{busch1998feature,
  title={Feature based recognition of traffic video streams for online route tracing},
  author={Busch, Christoph and Domer, R and Freytag, Christian and Ziegler, Heike},
  booktitle={Vehicular Technology Conference, 1998. VTC 98. 48th IEEE},
  volume={3},
  pages={1790--1794},
  year={1998},
  organization={IEEE}
}
@inproceedings{xu2005new,
  title={A new approach of the vehicle license plate location},
  author={Xu, Hong-ke and Yu, Fu-hua and Jiao, Jia-hua and Song, Huan-sheng},
  booktitle={Parallel and Distributed Computing, Applications and Technologies, 2005. PDCAT 2005. Sixth International Conference on},
  pages={1055--1057},
  year={2005},
  organization={IEEE}
}
@article{du2013automatic,
  title={Automatic license plate recognition (ALPR): A state-of-the-art review},
  author={Du, Shan and Ibrahim, Mahmoud and Shehata, Mohamed and Badawy, Wael},
  journal={IEEE Transactions on Circuits and Systems for Video Technology},
  volume={23},
  number={2},
  pages={311--325},
  year={2013},
  publisher={IEEE}
}
@article{wu2007extracting,
  title={Extracting characters from real vehicle licence plates out-of-doors},
  author={Wu, B-F and Lin, S-P and Chiu, C-C},
  journal={IET Computer Vision},
  volume={1},
  number={1},
  pages={2--10},
  year={2007},
  publisher={IET}
}
@article{guo2008license,
  title={License plate localization and character segmentation with feedback self-learning and hybrid binarization techniques},
  author={Guo, Jing-Ming and Liu, Yun-Fu},
  journal={IEEE Transactions on Vehicular Technology},
  volume={57},
  number={3},
  pages={1417--1424},
  year={2008},
  publisher={IEEE}
}
@inproceedings{capar2006concurrent,
  title={Concurrent segmentation and recognition with shape-driven fast marching methods},
  author={Capar, Abdulkerim and Gokmen, Muhittin},
  booktitle={Pattern Recognition, 2006. ICPR 2006. 18th International Conference on},
  volume={1},
  pages={155--158},
  year={2006},
  organization={IEEE}
}
@inproceedings{rahman2003real,
  title={A real time vehicle's license plate recognition system},
  author={Rahman, Choudhury A and Badawy, Wael and Radmanesh, Ahmad},
  booktitle={Advanced Video and Signal Based Surveillance, 2003. Proceedings. IEEE Conference on},
  pages={163--166},
  year={2003},
  organization={IEEE}
}
@inproceedings{shuang2005number,
  title={Number and letter character recognition of vehicle license plate based on edge Hausdorff distance},
  author={Shuang-tong, TANG and Wen-ju, LI},
  booktitle={Parallel and Distributed Computing, Applications and Technologies, 2005. PDCAT 2005. Sixth International Conference on},
  pages={850--852},
  year={2005},
  organization={IEEE}
}
@inproceedings{duangphasuk2006thai,
  title={Thai vehicle license plate recognition using the hierarchical cross-correlation ARTMAP},
  author={Duangphasuk, Pruegsa and Thammano, Arit},
  booktitle={Intelligent Systems, 2006 3rd International IEEE Conference on},
  pages={652--655},
  year={2006},
  organization={IEEE}
}
@article{jiao2009configurable,
  title={A configurable method for multi-style license plate recognition},
  author={Jiao, Jianbin and Ye, Qixiang and Huang, Qingming},
  journal={Pattern Recognition},
  volume={42},
  number={3},
  pages={358--369},
  year={2009},
  publisher={Elsevier}
}
@article{gerber2016number,
  title={Number Plate Detection with a Multi-Convolutional Neural Network Approach with Optical Character Recognition for Mobile Devices.},
  author={Gerber, Christian and Chung, Mokdong},
  journal={Journal of Information Processing Systems},
  volume={12},
  number={1},
  year={2016}
}